<record><leader>00000cas a22000007a 4500</leader><controlfield tag="001">24981025</controlfield><controlfield tag="008">911217d1882188uctuwr ne      0    0eng d</controlfield><datafield ind1=" " ind2=" " tag="010"><subfield code="a">sn 91053013 </subfield></datafield><datafield ind1=" " ind2=" " tag="040"><subfield code="a">CNW</subfield><subfield code="b">eng</subfield><subfield code="c">CNW</subfield><subfield code="d">OCLCF</subfield><subfield code="d">OCLCO</subfield></datafield><datafield ind1=" " ind2=" " tag="042"><subfield code="a">msc</subfield></datafield><datafield ind1="0" ind2="0" tag="245"><subfield code="a">Valley ledger.</subfield></datafield><datafield ind1=" " ind2=" " tag="260"><subfield code="a">Bethel, Conn. :</subfield><subfield code="b">John Rodemeyer,</subfield></datafield><datafield ind1=" " ind2=" " tag="300"><subfield code="a">v.</subfield></datafield><datafield ind1=" " ind2=" " tag="310"><subfield code="a">Weekly</subfield></datafield><datafield ind1="0" ind2=" " tag="362"><subfield code="a">Vol. 7, no. 50 (June 9, 1882)-v.7 , no. 52 (June 32, 1882) ; Old ser., v. 8, no. 4 (June 30, 1882)-</subfield></datafield><datafield ind1=" " ind2=" " tag="500"><subfield code="a">Suspended with issue (Old series, vol. 9, no. 24) Nov. 16, 1883.</subfield></datafield><datafield ind1=" " ind2=" " tag="515"><subfield code="a">Issues for June 30, 1882-&lt;Nov. 16, 1883&gt; also called: New ser., v. 1, no. 4-&lt;v. 2, no. 24&gt;.</subfield></datafield><datafield ind1=" " ind2=" " tag="530"><subfield code="a">Also available on microfilm from the Connecticut State Library, Hartford, Conn.</subfield></datafield><datafield ind1=" " ind2="0" tag="651"><subfield code="a">Bethel (Conn.)</subfield><subfield code="v">Newspapers.</subfield></datafield><datafield ind1=" " ind2="7" tag="655"><subfield code="a">Newspapers.</subfield><subfield code="2">fast</subfield><subfield code="0">(OCoLC)fst01423814</subfield></datafield><datafield ind1=" " ind2="7" tag="651"><subfield code="a">Connecticut</subfield><subfield code="z">Bethel.</subfield><subfield code="2">fast</subfield><subfield code="0">(OCoLC)fst01214400</subfield></datafield><datafield ind1=" " ind2=" " tag="752"><subfield code="a">United States</subfield><subfield code="b">Connecticut</subfield><subfield code="c">Fairfield</subfield><subfield code="d">Bethel.</subfield></datafield><datafield ind1="0" ind2="0" tag="780"><subfield code="t">Bethel ledger (Bethel, Conn. : Weekly)</subfield><subfield code="w">(DLC)sn 91053014</subfield><subfield code="w">(OCoLC)24981066</subfield></datafield></record>